@Online{ITworld:MegaUpload_takedown,
	author		= {Kevin Fogarty},
	title		= {MegaUpload takedown didn't slow pirate downloads, just moved them offshore},
	journaltitle	= {ITworld},
	url		= {http://www.itworld.com/security/247998/megaupload-takedown-didnt-slow-pirate-downloads-just-moved-them-offshore},
	urldate		= {2012-02-13},
	year		= {2012},
	month		= {02},
	language	= {american},
}

@Online{arbornetworks:MegaUpload_shutdown_effect,
	author		= {Jose Nazario },
	title		= {The MegaUpload Shutdown Effect},
	journaltitle	= {The Arbor Networks Security Blog},
	url		= {http://ddos.arbornetworks.com/2012/01/the-megaupload-shutdown-effect-2/},
	urldate		= {2012-02-13},
	year		= {2012},
	month		= {01},
	language	= {american},
}


@Online{heise:Razzia_MegaUpload,
	author		= {Volker Briegleb},
	title		= {Razzia gegen Megaupload: FBI lässt Kim Schmitz verhaften},
	journaltitle	= {Heise Zeitschriften Verlag},
	url		= {http://heise.de/-1417529},
	urldate		= {2012-02-13},
	year		= {2012},
	month		= {01},
}


@Online{heise:Kim_Kaution,
	author		= {Gerald Himmelein},
	title		= {Megaupload: Keine Kaution für Kim Schmitz},
	journaltitle	= {Heise Zeitschriften Verlag},
	url		= {http://heise.de/-1421104},
	urldate		= {2012-02-13},
	year		= {2012},
	month		= {01},
}

@Online{heise:Sharehoster_Panik,
	author		= {Gerald Himmelein},
	title		= {Nach Megaupload-Razzia: Sharehoster in Panik},
	journaltitle	= {Heise Zeitschriften Verlag},
	url		= {http://heise.de/-1419990},
	urldate		= {2012-02-13},
	year		= {2012},
	month		= {01},
}

@Online{heise:legale_Dateien_wiederbekommen,
	author		= {Gerald Himmelein},
	title		= {Megaupload: EFF sammelt Beschwerden, FBI-Ermittlungen werfen Fragen auf},
	journaltitle	= {Heise Zeitschriften Verlag},
	url		= {http://heise.de/-1425821},
	urldate		= {2012-02-13},
	year		= {2012},
	month		= {02},
}

@Online{heise:wohlkalkulierte_Dominoeffekt,
	author		= {Gerald Himmelein},
	title		= {Megaupload: Der wohlkalkulierte Dominoeffekt},
	journaltitle	= {Heise Zeitschriften Verlag},
	url		= {http://heise.de/-1423838},
	urldate		= {2012-02-13},
	year		= {2012},
	month		= {01},
}

@Online{heise:SOPA_PIPA,
	author		= {Gerald Himmelein},
	title		= {Megaupload: CDU/CSU verteidigt Notwendigkeit von SOPA},
	journaltitle	= {Heise Zeitschriften Verlag},
	url		= {http://heise.de/-1422056},
	urldate		= {2012-02-13},
	year		= {2012},
	month		= {01},
}

@Online{spiegel:Kim_Geburtstag_Knast,
	author		= {Konrad Lischka},
	title		= {Kim Dotcom feiert Geburtstag im Knast},
	journaltitle	= {Der Spiegel},
	url		= {http://www.spiegel.de/netzwelt/web/0,1518,810619,00.html},
	urldate		= {2012-02-13},
	year		= {2012},
	month		= {01},
}

@Online{lawblog:Megaupload-Sauger,
	author		= {Udo Vetter},
	title		= {Was Megaupload-Kunden befürchten müssen},
	journaltitle	= {law blog},
	url		= {http://www.lawblog.de/index.php/archives/2012/01/30/was-megaupload-kunden-befrchten-mssen/},
	urldate		= {2012-02-13},
	year		= {2012},
	month		= {01},
}

@misc{Anklageschrift,
	title		= {Anklageschrift der USA},
	url		= {http://www.scribd.com/doc/78786408/Mega-Indictment},
	urldate		= {2012-02-13},
	year		= {2012},
	month		= {01},
	language	= {american},
}

@Online{sueddeutsche:Kim_Frei,
	author		= {Chefredaktion ist Stefan Plöchinger},
	title		= {Frei gegen Kaution -- Megaupload-Chef Schmitz aus U-Haft entlassen},
	journaltitle	= {Süddeutsche Zeitung},
	url		= {http://www.sueddeutsche.de/digital/frei-gegen-kaution-megaupload-chef-schmitz-aus-u-haft-entlassen-1.1290255},
		%% http://t.co/FGUdeEVa
	urldate		= {2012-02-22},
	year		= {2012},
	month		= {02},
}

@Online{golem:Kim_Frei,
	author		= {Jens Ihlenfeld},
	title		= {Megaupload -- Kim Schmitz aus dem Gefängnis entlassen},
	journaltitle	= {Golem.de},
	url		= {http://www.golem.de/news/megaupload-kim-schmitz-aus-dem-gefaengnis-entlassen-1202-89938.html},
	urldate		= {2012-02-22},
	year		= {2012},
	month		= {02},
}

